@book{Shaofan2007,
	author = {S. Li and W. K. Liu},
	title = {Meshfree Particle Methods},
	year = {2007},
	isbn = {3540222561, 9783540222569},
	publisher = {Springer Publishing Company, Incorporated}
}

@article{DualSPHysics,
    author = {A. J. C. Crespo and J. M. Dom\'inguez and B. D. Rogers and M. G\'omez-Gesteira and S. Longshaw and R. Canelas and R. Vacondio and A. Barreiro and O. Garc\'ia-Feal},
    issn = {00104655},
    journal = {Computer Physics Communications},
    month = "feb",
    pages = {204--216},
    priority = {2},
    title = {{DualSPHysics: Open-source parallel CFD solver based on Smoothed Particle Hydrodynamics (SPH)}},
    volume = {vol. 187},
    year = {2015}
}

@article {GPUSPH,
	author = {A. H\'erault and G. Bilotta and R. A. Dalrymple},
	title = {SPH on GPU with CUDA},
	journal = {Journal of Hydraulic Research (Extra Issue)},
	volume = {vol. 48}, 
	pages = {74--79},
	year = {2010}
}

@article{ SPH-flow,
	author = {E. Jacquin and G. Oger and D. Le Touz\'e and B. Alessandrini},
	title = {From research to industrial applications with SPH: the example of the solver SPH-flow},
	journal = {SPHERIC Newsletter},
	year = {2009}
}

@article{Monaghan2005,
	author = {J. J. Monaghan},
	journal = {Reports on Progress in Physics},
	pages = {1--34},
	title = {{Smoothed particle hydrodynamics}},
	volume = {vol. 68},
	year = {2005},
}

@book{Violeau2012,
	author = {D. Violeau},
	priority = {2},
	publisher = {Oxford University Press},
	title = {{Fluid Mechanics and the SPH Method}},
	year = {2012}
}

@article{Gingold1977,
	author = {R. A. Gingold and J. J. Monaghan},
	journal = {Monthly Notices of the Royal Astronomical Society},
	pages = {375--389},
	title = {{Smoothed particle hydrodynamics theory and application to non-spherical stars}},
	volume = {vol. 181},
	year = {1977},
}

@article{Monaghan1989,
	author = {J. J. Monaghan},
	journal = {Journal of Computational Physics},
	number = {1},
	pages = {1--15},
	title = {{On the problem of penetration in particle methods}},
	volume = {vol. 82},
	year = {1989},
}

@article{Lucy1977,
	author = {L. B. Lucy},
	title = "{A numerical approach to the testing of the fission hypothesis}",
	journal = {Astronomical Journal},
	keywords = {Binary Stars, Hypotheses, Nuclear Fission, Numerical Analysis, Protostars, Stellar Evolution, Astronomical Models, Difference Equations, Gas Dynamics, Monte Carlo Method, Numerical Stability, Particle Motion, Stellar Rotation},
	year = {1977},
	volume = {vol. 82},
	pages = {1013--1024},
	adsnote = {Provided by the SAO/NASA Astrophysics Data System},
}

@article{Monaghan1994,
	author = {J. J. Monaghan},
	journal = {Journal of Computational Physics},
	pages = {399--406},
	title = {Simulating Free Surface Flows with SPH},
	volume = {vol. 110},
	year = {1994},
}

@article{Antoci2007,
    author = {C. Antoci and M. Gallati and S. Sibilla},
    journal = {Computers \& Structures},
    number = {11-14},
    pages = {879--890},
    priority = {2},
    title = {Numerical simulation of fluid-structure interaction by SPH},
    volume = {vol. 85},
    year = {2007}
}

@article{Zhang2010,
	author = {H. Zhang},
	title = {Simulation of crack growth using cohesive crack method},
	journal = {Applied Mathematical Modelling},
	pages = {2508--2519},
	volume = {vol. 34},
	year = {2010}
}

@article{Maoa2004,
	author = {K. Maoa and M. Y. Wang and Z. Xu and T. Chen},
	title = {DEM simulation of particle damping},
	journal = {Powder Technology},
	pages = {154--165},
	volume = {vol. 142},
	year = {2004}
}

@article{Kun1996,
	author = {F. Kun and H. J. Herrmann},
	title = {A study of fragmentation processes using a discrete element method},
	journal = {Computer Methods in Applied Mechanics and Engineering},
	pages = {3--18},
	volume = {vol. 138},
	year = {1996}
}

@article{GADGET2,
	author = {V. Springel},
	title = {The cosmological simulation code GADGET-2},
	journal = {Monthly Notices of the Royal Astronomical Society},
	pages = {1105},
	volume = {vol. 364},
	year = {2005}
}

@article{LIGGGTHS2012,
	author = {C. Kloss and C. Goniva and A. Hager and S. Amberger and S. Pirker},
	title = {Models, algorithms and validation for opensource DEM and CFD-DEM},
	journal = {Progress in Computational Fluid Dynamics},
	pages = {140--152},
	volume = {vol. 12},
	year = {2012}
}

@article{SYMPLER,
	author = {D. Kauzlaric and M. Dynowski and L. Pastewka and A. Greiner and J. G. Korvink},
	title = {SYMPLER: SYMbolic ParticLE simulatoR with grid-computing interface},
	journal = {Computer Physics Communications},
	pages = {1085--1099},
	volume = {vol. 185},
	year = {2014}
}

@article{fenics,
	author = {M. Alnæs and J. Blechta and J. Hake and A. Johansson and B. Kehlet and A. Logg and C. Richardson and J. Ring and M. Rognes and G. Wells},
	title = {The FEniCS Project Version 1.5},
	journal = {Archive of Numerical Software},
	volume = {vol. 3},
	number = {100},
	year = {2015}
}

@article{deal2,
    author  = {D. Arndt and W. Bangerth and D. Davydov and T. Heister and
	      L. Heltai and M. Kronbichler and M. Maier and J.-P. Pelteret
	      and B. Turcksin and D. Wells},
    title   = {The \texttt{deal.II} Library, Version 8.5},
    journal = {Journal of Numerical Mathematics},
    year    = {2017},
  }

@article{Aboria,
	author = "M. Robinson and M. Bruna",
	title = "Particle-based and meshless methods with Aboria",
	journal = "SoftwareX",
	volume = "vol. 6",
	number = "",
	pages = "172--178",
	year = "2017",
}

@article{GROMACS,
	author = "M. J. Abraham and T. Murtola and R. Schulz and Sz. P\'all and J. C. Smith and B. Hess and E. Lindahl",
	title = "GROMACS: High performance molecular simulations through multi-level parallelism from laptops to supercomputers ",
	journal = "SoftwareX ",
	volume = "vol. 1–2",
	pages = "19--25",
	year = "2015"
}

@article{LAMMPS,
	author = "S. Plimpton",
	title = "Fast Parallel Algorithms for Short-Range Molecular Dynamics",
	journal = "Journal of Computational Physics",
	volume = "vol. 117",
	number = "1",
	pages = "1--19",
	year = "1995",
}

@article{ESPResSo,
	author =  "A. Arnold and O. Lenz and S. Kesselheim and R. Weeber and F. Fahrenberger and D. Roehm and P. Kosovan and C. Holm",
	title = "ESPResSo 3.1: Molecular Dynamics Software for Coarse-Grained Models",
	journal = "Meshfree Methods for partial differential equations",
	volume = "Springer vol. VI.",
	pages = "2--23",
	year = "2013"
}

@inproceedings{Cundall1971,
	author={P. A. Cundall},
	title={A computer model for simulating progressive, large scale movement in blocky rock systems},
	booktitle={Symp. ISRM, Nancy, France, Proc.},
	volume={vol. 2},
	pages={129--136},
year={1971}
}

@article{Taylor2006,
	author = "M. A. Taylor and E. J. Garboczi and S. T. Erdogan and D. W. Fowler",
	title = "Some properties of irregular 3-D particles",
	journal = "Powder Technology",
	volume = "vol. 162",
	number = "1",
	pages = "1--15",
	year = "2006"
}

@misc{DVM_URL,
	howpublished = "\url{https://www.rsmas.miami.edu/users/miskandarani/Courses/MSC321/lectvortexmethods.pdf}"
}

@article{Helbing1995,
  title={Social force model for pedestrian dynamics},
  author={D. Helbing and P. Moln\'ar},
  journal={Physical review E},
  volume={vol. 51},
  number={5},
  pages={4282},
  year={1995}
}

@article{Tissera2012,
	author = "P. C. Tissera and A. M. Printista and E. Luque",
	title = "A Hybrid Simulation Model to Test Behaviour Designs in an Emergency Evacuation",
	journal = "Procedia Computer Science",
	volume = "vol. 9",
	pages = "266--275",
	year = "2012"
}

@article{Li2015,
	author = "J. Li and S. Fu and H. He and H. Jia and Y. Li and Y. Guo",
	title = "Simulating large-scale pedestrian movement using CA and event driven model: Methodology and case study",
	journal = "Physica A: Statistical Mechanics and its Applications",
	volume = "vol. 437",
	pages = "304--321",
	year = "2015"
}

@misc{VTK_format,
	howpublished = "\url{http://www.vtk.org/wp-content/uploads/2015/04/file-formats.pdf}"
}

@article{Arminjon2002,
	title={Proper initial conditions for long-term integrations of the solar system},
	author={M. Arminjon},
	journal={Astronomy \& Astrophysics},
	volume={vol. 383},
	number={2},
	pages={729--737},
	year={2002},
	publisher={EDP Sciences}
}

@misc{CUDA_EXAMPLE,
	howpublished = "\url{http://developer.download.nvidia.com/assets/cuda/files/particles.pdf}"
}

@article{Molteni2009,
	author = "D. Molteni and A. Colagrossi",
	title = "A simple procedure to improve the pressure evaluation in hydrodynamic context using the SPH",
	journal = "Computer Physics Communications",
	volume = "vol. 180",
	number = "6",
	pages = "861--872",
	year = "2009",
}

@article{Antuono2010,
	author = "M. Antuono and A. Colagrossi and S. Marrone and D. Molteni",
	title = "Free-surface flows solved by means of SPH schemes with numerical diffusive terms",
	journal = "Computer Physics Communications",
	volume = "vol. 181",
	number = "3",
	pages = "532 - 549",
	year = "2010",
}

@article{Antuono2012,
	author = "M. Antuono and A. Colagrossi and S. Marrone",
	title = "Numerical diffusive terms in weakly-compressible SPH schemes",
	journal = "Computer Physics Communications",
	volume = "vol. 183",
	number = "12",
	pages = "2570--2580",
	year = "2012",
}

@article{Tsuji1992,
	author = "Y. Tsuji and T. Tanaka and T. Ishida",
	title = "Lagrangian numerical simulation of plug flow of cohesionless particles in a horizontal pipe",
	journal = "Powder Technology",
	volume = "71",
	number = "3",
	pages = "239 - 250",
	year = "1992",
}

@article{Monaghan2000,
	author = "J. J. Monaghan",
	title = "SPH without a Tensile Instability",
	journal = "Journal of Computational Physics",
	volume = "159",
	number = "2",
	pages = "290 - 311",
	year = "2000"
}

@article{Kuramoto1975,
  author={Y. {K}uramoto},
  title={International symposium on mathematical problems in mathematical physics},
  journal={Lecture Notes in Theoretical Physics},
  year={1975},
  volume={30},
  pages={420},
  note={cited By 14},
  source={Scopus},
}

@article{Olmi2014,
  title = {Hysteretic transitions in the {K}uramoto model with inertia},
  author = {Olmi, Simona and Navas, Adrian and Boccaletti, Stefano and Torcini, Alessandro},
  journal = {Phys. Rev. E},
  volume = {90},
  issue = {4},
  pages = {042905},
  numpages = {16},
  year = {2014},
  month = {Oct},
  publisher = {American Physical Society},
  doi = {10.1103/PhysRevE.90.042905},
  url = {https://link.aps.org/doi/10.1103/PhysRevE.90.042905}
}

@article{Tanaka1997,
title = "Self-synchronization of coupled oscillators with hysteretic responses",
author = "Tanaka, {Hisa Aki} and Lichtenberg, {Allan J.} and Shinichi Oishi",
year = "1997",
language = "English",
volume = "100",
pages = "279--300",
journal = "Physica D: Nonlinear Phenomena",
issn = "0167-2789",
publisher = "Elsevier",
number = "3-4",
}

@article{Vacondio2013a,
  title={Variable resolution for SPH: a dynamic particle coalescing and splitting scheme},
  author={Vacondio, R and Rogers, BD and Stansby, PK and Mignosa, P and Feldman, J},
  journal={Computer Methods in Applied Mechanics and Engineering},
  volume={256},
  pages={132--148},
  year={2013},
  publisher={Elsevier}
}

@article{Feldman2007,
  title={Dynamic refinement and boundary contact forces in SPH with applications in fluid flow problems},
  author={Feldman, J and Bonet, J},
  journal={International Journal for Numerical Methods in Engineering},
  volume={72},
  number={3},
  pages={295--324},
  year={2007},
  publisher={Wiley Online Library}
}

@article{Lopez2011,
  title={Particle refinement for fluid flow simulations with SPH},
  author={L{\'o}pez, Yaidel Reyes and Roose, Dirk},
  journal={Computer Methods in Mechanics, CMM-2011, Warsaw, Poland},
  year={2011}
}

@article{Liu2017,
  title={Application of particle splitting method for both hydrostatic and hydrodynamic cases in SPH},
  author={Liu, WT and Sun, PN and Ming, FR and Zhang, AM},
  journal={Acta Mechanica Sinica},
  pages={1--13},
  year={2017},
  publisher={Springer}
}

@article{Toth2018,
  title={Particle coalescing with angular momentum conservation in SPH simulations},
  author={T{\'o}th, Bal{\'a}zs},
  journal={arXiv preprint arXiv:1811.07418},
  year={2018}
}